@misc{noauthor_introduction_nodate,
	title = {An {Introduction} to {HAProxy} and {Load} {Balancing} {Concepts}},
	url = {https://www.digitalocean.com/community/tutorials/an-introduction-to-haproxy-and-load-balancing-concepts},
	abstract = {An introduction to basic load balancing concepts and terminology, using HAProxy, with some examples.},
	urldate = {2017-04-24TZ},
	journal = {DigitalOcean},
	note = {12 Februari 2017}
}